<?xml version="1.0" encoding="UTF-8"?><collection xmlns="http://www.loc.gov/MARC21/slim"><record><leader>00460nam--2200145-i-4500</leader><controlfield tag="001">000013996</controlfield><controlfield tag="002">20161230</controlfield><controlfield tag="005">20161230201030</controlfield><controlfield tag="008">060222s1000------------r-----000-0-eng-d</controlfield><datafield ind1=" " ind2=" " tag="080"><subfield code="a">621.3(045)</subfield></datafield><datafield ind1=" " ind2=" " tag="100"><subfield code="a">Duma, D. /S.A.</subfield></datafield><datafield ind1=" " ind2=" " tag="245"><subfield code="a">Conceptii moderne in exploatarea cascadei de hidrocentrale de pe raul olt, la ape mari</subfield></datafield><datafield ind1=" " ind2=" " tag="260"><subfield code="a">Bucuresti, Ministerul Energiei Electrice, 1980</subfield></datafield><datafield ind1=" " ind2=" " tag="490"><subfield code="a">A Ii-a Conferinta A Energeticienilor Din Ro,Ania</subfield></datafield><datafield ind1=" " ind2=" " tag="852"><subfield code="a">49450</subfield></datafield></record></collection>